<record><leader>00000cas a22000007a 4500</leader><controlfield tag="001">7711930</controlfield><controlfield tag="008">810828d18421862mauwr ne      0   a0eng d</controlfield><datafield ind1=" " ind2=" " tag="010"><subfield code="a">sn 91063951 </subfield></datafield><datafield ind1=" " ind2=" " tag="040"><subfield code="a">BTI</subfield><subfield code="b">eng</subfield><subfield code="c">BTI</subfield><subfield code="d">NVH</subfield><subfield code="d">RHN</subfield><subfield code="d">NVH</subfield><subfield code="d">RHN</subfield><subfield code="d">CNK</subfield><subfield code="d">NVK</subfield><subfield code="d">OCL</subfield><subfield code="d">CUS</subfield><subfield code="d">OCLCF</subfield><subfield code="d">OCLCO</subfield></datafield><datafield ind1=" " ind2=" " tag="042"><subfield code="a">msc</subfield></datafield><datafield ind1=" " ind2="4" tag="050"><subfield code="a">BX9901</subfield></datafield><datafield ind1="0" ind2=" " tag="130"><subfield code="a">Trumpet and Universalist magazine (Boston, Mass. : 1842)</subfield></datafield><datafield ind1="0" ind2="4" tag="245"><subfield code="a">The Trumpet and Universalist magazine.</subfield></datafield><datafield ind1="0" ind2="3" tag="246"><subfield code="a">Trumpet and magazine</subfield></datafield><datafield ind1="1" ind2="0" tag="246"><subfield code="a">Universalist magazine</subfield></datafield><datafield ind1=" " ind2=" " tag="260"><subfield code="a">Boston :</subfield><subfield code="b">[s.n.],</subfield></datafield><datafield ind1=" " ind2=" " tag="300"><subfield code="a">v.</subfield></datafield><datafield ind1=" " ind2=" " tag="310"><subfield code="a">Weekly</subfield></datafield><datafield ind1="0" ind2=" " tag="362"><subfield code="a">Vol. 15, no. 1 (June 25, 1842)-    = Old ser. v. 24-    = Whole no. 1197-</subfield></datafield><datafield ind1="1" ind2=" " tag="362"><subfield code="a">Ceased with Apr. 18, 1862?</subfield></datafield><datafield ind1=" " ind2=" " tag="500"><subfield code="a">Universalist newspapers.</subfield></datafield><datafield ind1=" " ind2=" " tag="515"><subfield code="a">Vols. for June 25, 1842-June 13, 1846 called v. 15-18, old ser. v. 24-27, and whole no. 1197-1404; for June 20, 1846-&lt;May 25, 1861&gt; called v. 19-&lt;33&gt;.</subfield></datafield><datafield ind1=" " ind2=" " tag="580"><subfield code="a">Merged with: Christian freeman and family visiter, to form: Trumpet and Christian freeman.</subfield></datafield><datafield ind1=" " ind2="0" tag="650"><subfield code="a">Universalists</subfield><subfield code="z">Massachusetts</subfield><subfield code="v">Newspapers.</subfield></datafield><datafield ind1=" " ind2="0" tag="651"><subfield code="a">Boston (Mass.)</subfield><subfield code="v">Newspapers.</subfield></datafield><datafield ind1=" " ind2="7" tag="655"><subfield code="a">Newspapers.</subfield><subfield code="2">fast</subfield><subfield code="0">(OCoLC)fst01423814</subfield></datafield><datafield ind1=" " ind2="7" tag="650"><subfield code="a">Universalists.</subfield><subfield code="2">fast</subfield><subfield code="0">(OCoLC)fst01161587</subfield></datafield><datafield ind1=" " ind2="7" tag="651"><subfield code="a">Massachusetts.</subfield><subfield code="2">fast</subfield><subfield code="0">(OCoLC)fst01204307</subfield></datafield><datafield ind1=" " ind2="7" tag="651"><subfield code="a">Massachusetts</subfield><subfield code="z">Boston.</subfield><subfield code="2">fast</subfield><subfield code="0">(OCoLC)fst01205012</subfield></datafield><datafield ind1=" " ind2=" " tag="752"><subfield code="a">United States</subfield><subfield code="b">Massachusetts</subfield><subfield code="c">Suffolk</subfield><subfield code="d">Boston.</subfield></datafield><datafield ind1="0" ind2="8" tag="776"><subfield code="i">Online version:</subfield><subfield code="t">Trumpet and Universalist magazine (Boston, Mass. : 1842 : Online)</subfield><subfield code="w">(DLC)  2006255220</subfield><subfield code="w">(OCoLC)69657086</subfield></datafield><datafield ind1="0" ind2="0" tag="780"><subfield code="t">Trumpet and Universalist magazine and star of Bethlehem</subfield><subfield code="w">(OCoLC)7711919</subfield></datafield><datafield ind1="0" ind2="5" tag="780"><subfield code="t">Universalist (Middletown, Conn.)</subfield><subfield code="g">Jan. 6, 1844</subfield></datafield><datafield ind1="0" ind2="5" tag="780"><subfield code="t">Nazarene and Universalist family companion</subfield><subfield code="w">(OCoLC)6499706</subfield><subfield code="g">Jan. 1844</subfield></datafield><datafield ind1="1" ind2="7" tag="785"><subfield code="t">Christian freeman and family visiter</subfield><subfield code="w">(OCoLC)7729338</subfield><subfield code="w">(DLC)sn 94051000</subfield></datafield><datafield ind1="1" ind2="7" tag="785"><subfield code="t">Trumpet and Christian freeman</subfield><subfield code="w">(DLC)sn 92064207</subfield><subfield code="w">(OCoLC)7711960</subfield></datafield><datafield ind1=" " ind2=" " tag="936"><subfield code="a">May 25, 1861</subfield></datafield></record>